@inproceedings{touvron2019fixing,
  title={Fixing the train-test resolution discrepancy},
  author={Touvron, Hugo and Vedaldi, Andrea and Douze, Matthijs and J{\'e}gou, Herv{\'e}},
  booktitle={Advances in Neural Information Processing Systems},
  pages={8252--8262},
  year={2019}
}

@misc{sosnovik2019scaleequivariant,
    title={Scale-Equivariant Steerable Networks},
    author={Ivan Sosnovik and Micha≈Ç Szmaja and Arnold Smeulders},
    year={2019},
    eprint={1910.11093},
    archivePrefix={arXiv},
    primaryClass={cs.CV}
}

@article{hoffer2019mix,
  title={Mix \& Match: training convnets with mixed image sizes for improved accuracy, speed and scale resiliency},
  author={Hoffer, Elad and Weinstein, Berry and Hubara, Itay and Ben-Nun, Tal and Hoefler, Torsten and Soudry, Daniel},
  journal={arXiv preprint arXiv:1908.08986},
  year={2019}
}

@article{DBLP:journals/corr/KanazawaSJ14,
  author    = {Angjoo Kanazawa and
               Abhishek Sharma and
               David W. Jacobs},
  title     = {Locally Scale-Invariant Convolutional Neural Networks},
  journal   = {CoRR},
  volume    = {abs/1412.5104},
  year      = {2014},
  url       = {http://arxiv.org/abs/1412.5104},
  archivePrefix = {arXiv},
  eprint    = {1412.5104},
  timestamp = {Tue, 24 Sep 2019 16:41:18 +0200},
  biburl    = {https://dblp.org/rec/journals/corr/KanazawaSJ14.bib},
  bibsource = {dblp computer science bibliography, https://dblp.org}
}

@article{ragan2013halide,
  title={Halide: a language and compiler for optimizing parallelism, locality, and recomputation in image processing pipelines},
  author={Ragan-Kelley, Jonathan and Barnes, Connelly and Adams, Andrew and Paris, Sylvain and Durand, Fr{\'e}do and Amarasinghe, Saman},
  journal={Acm Sigplan Notices},
  volume={48},
  number={6},
  pages={519--530},
  year={2013},
  publisher={ACM New York, NY, USA}
}

@inproceedings {chen2018tvm,
author = {Tianqi Chen and Thierry Moreau and Ziheng Jiang and Lianmin Zheng and Eddie Yan and Haichen Shen and Meghan Cowan and Leyuan Wang and Yuwei Hu and Luis Ceze and Carlos Guestrin and Arvind Krishnamurthy},
title = {{TVM}: An Automated End-to-End Optimizing Compiler for Deep Learning},
booktitle = {13th {USENIX} Symposium on Operating Systems Design and Implementation ({OSDI} 18)},
year = {2018},
isbn = {978-1-939133-08-3},
address = {Carlsbad, CA},
pages = {578--594},
url = {https://www.usenix.org/conference/osdi18/presentation/chen},
publisher = {{USENIX} Association},
month = oct,
}

@inproceedings{shen2017fast,
  title={Fast video classification via adaptive cascading of deep models},
  author={Shen, Haichen and Han, Seungyeop and Philipose, Matthai and Krishnamurthy, Arvind},
  booktitle={Proceedings of the IEEE conference on computer vision and pattern recognition},
  pages={3646--3654},
  year={2017}
}

@inproceedings{zhang2018unreasonable,
  title={The unreasonable effectiveness of deep features as a perceptual metric},
  author={Zhang, Richard and Isola, Phillip and Efros, Alexei A and Shechtman, Eli and Wang, Oliver},
  booktitle={Proceedings of the IEEE conference on computer vision and pattern recognition},
  pages={586--595},
  year={2018}
}

@article{tan2019efficientnet,
  title={Efficientnet: Rethinking model scaling for convolutional neural networks},
  author={Tan, Mingxing and Le, Quoc V},
  journal={arXiv preprint arXiv:1905.11946},
  year={2019}
}

@article{guo2016high,
  title={High-density image storage using approximate memory cells},
  author={Guo, Qing and Strauss, Karin and Ceze, Luis and Malvar, Henrique S},
  journal={ACM SIGPLAN Notices},
  volume={51},
  number={4},
  pages={413--426},
  year={2016},
  publisher={ACM New York, NY, USA}
}

@article{shazeer2017outrageously,
  title={Outrageously large neural networks: The sparsely-gated mixture-of-experts layer},
  author={Shazeer, Noam and Mirhoseini, Azalia and Maziarz, Krzysztof and Davis, Andy and Le, Quoc and Hinton, Geoffrey and Dean, Jeff},
  journal={arXiv preprint arXiv:1701.06538},
  year={2017}
}

@article{jacobs1991adaptive,
  title={Adaptive mixtures of local experts},
  author={Jacobs, Robert A and Jordan, Michael I and Nowlan, Steven J and Hinton, Geoffrey E},
  journal={Neural computation},
  volume={3},
  number={1},
  pages={79--87},
  year={1991},
  publisher={MIT Press}
}

@article{lepikhin2020gshard,
  title={Gshard: Scaling giant models with conditional computation and automatic sharding},
  author={Lepikhin, Dmitry and Lee, HyoukJoong and Xu, Yuanzhong and Chen, Dehao and Firat, Orhan and Huang, Yanping and Krikun, Maxim and Shazeer, Noam and Chen, Zhifeng},
  journal={arXiv preprint arXiv:2006.16668},
  year={2020}
}

@article{yang2019soft,
  title={Soft conditional computation},
  author={Yang, Brandon and Bender, Gabriel and Le, Quoc V and Ngiam, Jiquan},
  journal={arXiv preprint arXiv:1904.04971},
  volume={3},
  number={4},
  pages={5},
  year={2019}
}

@article{russakovsky2015imagenet,
  title={Imagenet large scale visual recognition challenge},
  author={Russakovsky, Olga and Deng, Jia and Su, Hao and Krause, Jonathan and Satheesh, Sanjeev and Ma, Sean and Huang, Zhiheng and Karpathy, Andrej and Khosla, Aditya and Bernstein, Michael and others},
  journal={International journal of computer vision},
  volume={115},
  number={3},
  pages={211--252},
  year={2015},
  publisher={Springer}
}

@inproceedings{krause20133d,
  title={3d object representations for fine-grained categorization},
  author={Krause, Jonathan and Stark, Michael and Deng, Jia and Fei-Fei, Li},
  booktitle={Proceedings of the IEEE international conference on computer vision workshops},
  pages={554--561},
  year={2013}
}

@inproceedings{he2016deep,
  title={Deep residual learning for image recognition},
  author={He, Kaiming and Zhang, Xiangyu and Ren, Shaoqing and Sun, Jian},
  booktitle={Proceedings of the IEEE conference on computer vision and pattern recognition},
  pages={770--778},
  year={2016}
}

@inproceedings{sandler2018mobilenetv2,
  title={Mobilenetv2: Inverted residuals and linear bottlenecks},
  author={Sandler, Mark and Howard, Andrew and Zhu, Menglong and Zhmoginov, Andrey and Chen, Liang-Chieh},
  booktitle={Proceedings of the IEEE conference on computer vision and pattern recognition},
  pages={4510--4520},
  year={2018}
}

@article{wang2004image,
  title={Image quality assessment: from error visibility to structural similarity},
  author={Wang, Zhou and Bovik, Alan C and Sheikh, Hamid R and Simoncelli, Eero P},
  journal={IEEE transactions on image processing},
  volume={13},
  number={4},
  pages={600--612},
  year={2004},
  publisher={IEEE}
}

@article{sampson2014approximate,
  title={Approximate storage in solid-state memories},
  author={Sampson, Adrian and Nelson, Jacob and Strauss, Karin and Ceze, Luis},
  journal={ACM Transactions on Computer Systems (TOCS)},
  volume={32},
  number={3},
  pages={1--23},
  year={2014},
  publisher={ACM New York, NY, USA}
}

@inproceedings{rastegari2016xnor,
  title={Xnor-net: Imagenet classification using binary convolutional neural networks},
  author={Rastegari, Mohammad and Ordonez, Vicente and Redmon, Joseph and Farhadi, Ali},
  booktitle={European conference on computer vision},
  pages={525--542},
  year={2016},
  organization={Springer}
}

@article{zhou2016dorefa,
  title={Dorefa-net: Training low bitwidth convolutional neural networks with low bitwidth gradients},
  author={Zhou, Shuchang and Wu, Yuxin and Ni, Zekun and Zhou, Xinyu and Wen, He and Zou, Yuheng},
  journal={arXiv preprint arXiv:1606.06160},
  year={2016}
}

@article{fromm2020riptide,
  title={Riptide: Fast end-to-end binarized neural networks},
  author={Fromm, Joshua and Cowan, Meghan and Philipose, Matthai and Ceze, Luis and Patel, Shwetak},
  journal={Proceedings of Machine Learning and Systems 2020},
  volume={2},
  year={2020}
}

@article{frankle2018lottery,
  title={The lottery ticket hypothesis: Finding sparse, trainable neural networks},
  author={Frankle, Jonathan and Carbin, Michael},
  journal={arXiv preprint arXiv:1803.03635},
  year={2018}
}

@inproceedings{ji2018tetris,
  title={Tetris: Tile-matching the tremendous irregular sparsity},
  author={Ji, Yu and Liang, Ling and Deng, Lei and Zhang, Youyang and Zhang, Youhui and Xie, Yuan},
  booktitle={Advances in Neural Information Processing Systems},
  pages={4115--4125},
  year={2018}
}

@article{yang2018energy,
  title={Energy-constrained compression for deep neural networks via weighted sparse projection and layer input masking},
  author={Yang, Haichuan and Zhu, Yuhao and Liu, Ji},
  journal={arXiv preprint arXiv:1806.04321},
  year={2018}
}

@inproceedings{buckler2018eva2,
  title={EVA$^2$: Exploiting Temporal Redundancy in Live Computer Vision},
  author={Buckler, Mark and Bedoukian, Philip and Jayasuriya, Suren and Sampson, Adrian},
  booktitle={2018 ACM/IEEE 45th Annual International Symposium on Computer Architecture (ISCA)},
  pages={533--546},
  year={2018},
  organization={IEEE}
}

@inproceedings{kim2016dynamic,
  title={Dynamic energy-accuracy trade-off using stochastic computing in deep neural networks},
  author={Kim, Kyounghoon and Kim, Jungki and Yu, Joonsang and Seo, Jungwoo and Lee, Jongeun and Choi, Kiyoung},
  booktitle={Proceedings of the 53rd Annual Design Automation Conference},
  pages={1--6},
  year={2016}
}

@inproceedings{lee2017energy,
  title={Energy-efficient hybrid stochastic-binary neural networks for near-sensor computing},
  author={Lee, Vincent T and Alaghi, Armin and Hayes, John P and Sathe, Visvesh and Ceze, Luis},
  booktitle={Design, Automation \& Test in Europe Conference \& Exhibition (DATE), 2017},
  pages={13--18},
  year={2017},
  organization={IEEE}
}

@article{kalamkar2019study,
  title={A study of bfloat16 for deep learning training},
  author={Kalamkar, Dhiraj and Mudigere, Dheevatsa and Mellempudi, Naveen and Das, Dipankar and Banerjee, Kunal and Avancha, Sasikanth and Vooturi, Dharma Teja and Jammalamadaka, Nataraj and Huang, Jianyu and Yuen, Hector and others},
  journal={arXiv preprint arXiv:1905.12322},
  year={2019}
}

@article{zheng2020ansor,
  title={Ansor: Generating High-Performance Tensor Programs for Deep Learning},
  author={Zheng, Lianmin and Jia, Chengfan and Sun, Minmin and Wu, Zhao and Yu, Cody Hao and Haj-Ali, Ameer and Wang, Yida and Yang, Jun and Zhuo, Danyang and Sen, Koushik and others},
  journal={arXiv preprint arXiv:2006.06762},
  year={2020}
}

@inproceedings{cowan2020automatic,
  title={Automatic generation of high-performance quantized machine learning kernels},
  author={Cowan, Meghan and Moreau, Thierry and Chen, Tianqi and Bornholt, James and Ceze, Luis},
  booktitle={Proceedings of the 18th ACM/IEEE International Symposium on Code Generation and Optimization},
  pages={305--316},
  year={2020}
}

@inproceedings{jevdjic2017approximate,
  title={Approximate storage of compressed and encrypted videos},
  author={Jevdjic, Djordje and Strauss, Karin and Ceze, Luis and Malvar, Henrique S},
  booktitle={Proceedings of the Twenty-Second International Conference on Architectural Support for Programming Languages and Operating Systems},
  pages={361--373},
  year={2017}
}

@article{mazumdar2019vignette,
  title={Vignette: Perceptual Compression for Video Storage and Processing Systems},
  author={Mazumdar, Amrita and Haynes, Brandon and Balazinska, Magdalena and Ceze, Luis and Cheung, Alvin and Oskin, Mark},
  journal={arXiv preprint arXiv:1902.01372},
  year={2019}
}

@article{wang2011reduced,
  title={Reduced-and no-reference image quality assessment},
  author={Wang, Zhou and Bovik, Alan C},
  journal={IEEE Signal Processing Magazine},
  volume={28},
  number={6},
  pages={29--40},
  year={2011},
  publisher={IEEE}
}
@inproceedings{chen2018learning,
  title={Learning to optimize tensor programs},
  author={Chen, Tianqi and Zheng, Lianmin and Yan, Eddie and Jiang, Ziheng and Moreau, Thierry and Ceze, Luis and Guestrin, Carlos and Krishnamurthy, Arvind},
  booktitle={Advances in Neural Information Processing Systems},
  pages={3389--3400},
  year={2018}
}

@inproceedings{zhou2016learning,
  title={Learning deep features for discriminative localization},
  author={Zhou, Bolei and Khosla, Aditya and Lapedriza, Agata and Oliva, Aude and Torralba, Antonio},
  booktitle={Proceedings of the IEEE conference on computer vision and pattern recognition},
  pages={2921--2929},
  year={2016}
}

@inproceedings{yan2017customizing,
  title={Customizing Progressive {JPEG} for Efficient Image Storage},
  author={Yan, Eddie and Zhang, Kaiyuan and Wang, Xi and Strauss, Karin and Ceze, Luis},
  booktitle={9th {USENIX} Workshop on Hot Topics in Storage and File Systems (HotStorage 17)},
  year={2017}
}

@inproceedings{beaver2010finding,
  title={Finding a Needle in {Haystack}: {Facebook}'s Photo Storage},
  author={Beaver, Doug and Kumar, Sanjeev and Li, Harry C and Sobel, Jason and
        Vajgel, Peter and others},
  booktitle={OSDI},
  volume={10},
  pages={1--8},
  year={2010}
}

@inproceedings{tang2015ripq,
  title={{RIPQ}: Advanced Photo Caching on Flash for {Facebook}},
  author={Tang, Linpeng and Huang, Qi and Lloyd, Wyatt and Kumar, Sanjeev and
Li, Kai},
  booktitle={13th USENIX Conference on File and Storage Technologies (FAST 15)},
  pages={373--386},
  year={2015}
}

@inproceedings{guo2016high,
  title={High-density image storage using approximate memory cells},
  author={Guo, Qing and Strauss, Karin and Ceze, Luis and Malvar, Henrique S},
  booktitle={Proceedings of the Twenty-First International Conference on
Architectural Support for Programming Languages and Operating Systems},
  pages={413--426},
  year={2016},
  organization={ACM}
}

@inproceedings{carillon,
  title = {Enabling Space Elasticity in Storage Systems},
  author = {Helgi Sigurbjarnarson and Petur O. Ragnarsson and Juncheng Yang and Ymir Vigfusson and Mahesh Balakrishnan},
  year = 2016,
  booktitle = {9th ACM International on Systems and Storage Conference~(SYSTOR)},
  address = {Haifa, Israel},
}

@misc{zimg,
    title={zimg - A lightweight and high performance image storage and processing system},
    howpublished={\url{http://zimg.buaa.us/}}
}

@misc{flickr,
    title={A Year Without a Byte},
    howpublished={\url{https://code.flickr.net/2017/01/05/a-year-without-a-byte/}}
}

@misc{fasterfacebook,
    title={Faster Photos in {Facebook} for {iOS}},
    howpublished={\url{https://code.facebook.com/posts/857662304298232/faster-photos-in-facebook-for-ios/}},
    author={Bar, Tomer}
}

@inproceedings{huang2013analysis,
  title={An analysis of {Facebook} photo caching},
  author={Huang, Qi and Birman, Ken and van Renesse, Robbert and Lloyd, Wyatt and Kumar, Sanjeev and Li, Harry C},
  booktitle={Proceedings of the Twenty-Fourth ACM Symposium on Operating Systems Principles},
  pages={167--181},
  year={2013},
  organization={ACM}
}

@inproceedings {183605,
	author = {Helgi Sigurbjarnarson and Petur Orri Ragnarsson and Ymir Vigfusson and Mahesh Balakrishnan},
	title = {Harmonium: Elastic Cloud Storage via File Motifs},
	booktitle = {6th USENIX Workshop on Hot Topics in Storage and File Systems (HotStorage 14)},
	year = {2014},
	address = {Philadelphia, PA},
	url = {https://www.usenix.org/conference/hotstorage14/workshop-program/presentation/sigurbjarnarson},
	publisher = {USENIX Association},
}

@inproceedings{huiskes08,
 author = {Mark J. Huiskes and Michael S. Lew},
 title = {The {MIR Flickr} Retrieval Evaluation},
 booktitle = {MIR '08: Proceedings of the 2008 ACM International Conference on Multimedia Information Retrieval},
 year = {2008},
 location = {Vancouver, Canada},
 publisher = {ACM},
 address = {New York, NY, USA},
}



@misc{computation,
    title={{JPEG} image compression FAQ, part 1/2},
    author={Lane, Tom},
    howpublished={\url{http://www.faqs.org/faqs/jpeg-faq/part1/index.html}}
}

@book{souders2009even,
  title={Even faster web sites: performance best practices for web developers},
  author={Souders, Steve},
  year={2009},
  publisher={O'Reilly Media, Inc.}
}

@article{wallace1992jpeg,
  title={The {JPEG} still picture compression standard},
  author={Wallace, Gregory K},
  journal={IEEE transactions on consumer electronics},
  volume={38},
  number={1},
  pages={xviii--xxxiv},
  year={1992},
  publisher={IEEE}
}

@misc{independent2014libjpeg,
  title={Libjpeg},
  author={{Independent JPEG Group and others}},
  journal={2010-07-10]. http://www. ijg. org},
  year={2014}
}

@inproceedings{gupta-mascots14,
  title={An Economic Perspective of Disk vs. Flash Media in Archival Storage},
  author={Preeti Gupta and Avani Wildani‚Ä† and Ethan L. Miller and Daniel Rosenthal and Ian F. Adams and Christina Strong and Andy Hospodor},
  booktitle={IEEE MASCOTS},
  year={2014}
 }

@inproceedings{black2016feeding,
  title={Feeding the Pelican: using archival hard drives for cold storage
racks},
  author={Black, Richard and Donnelly, Austin and Harper, Dave and Ogus, Aaron
and Rowstron, Anthony},
  booktitle={8th USENIX Workshop on Hot Topics in Storage and File Systems
(HotStorage 16)},
  year={2016},
  organization={USENIX Association}
}

@misc{imagemagick2008imagemagick,
  title={ImageMagick},
  author={{ImageMagick Studio, LLC}},
  year={2008}
}


@inproceedings{wang2002no,
  title={No-reference perceptual quality assessment of {JPEG} compressed images},
  author={Wang, Zhou and Sheikh, Hamid R and Bovik, Alan C},
  booktitle={IEEE International Conference on Image Processing},
  volume={1},
  year={2002},
  organization={IEEE}
}
